@STRING{baps	= "Bull. Am. Phys. Soc." }
@STRING{cpc	= "Comput. Phys. Commun." }
@STRING{cpp	= "Contrib. Plasma Phys." }
@STRING{fst	= "Fus. Sci. Tech." }
@STRING{jcp	= "J. Comput. Phys." }
@STRING{jetp	= "JETP Lett." }
@STRING{jnm	= "J. Nucl. Mater." }
@STRING{jpcon	= "J. Phys: Conf. Series" }
@STRING{jpfr	= "J. Plasma Fusion Res. SERIES" }
@STRING{jpp	= "J. Plasma Phys." }
@STRING{nf	= "Nucl. Fusion" }
@STRING{njp	= "New J. Phys." }
@STRING{pf	= "Phys. Fluids" }
@STRING{pfb	= "Phys. Fluids B" }
@STRING{pop	= "Phys. Plasmas" }
@STRING{pp	= "Plasma Phys." }
@STRING{ppcf	= "Plasma Phys. Control. Fusion" }
@STRING{pre	= "Phys. Rev. E" }
@STRING{prl	= "Phys. Rev. Lett." }
@STRING{rmp	= "Rev. Mod. Phys." }
@STRING{tps	= "IEEE Trans. Plasma Sci." }


@Article{	  belli:2005,
  author =	 {E.A. Belli and G.W. Hammett},
  title =	 {{{A numerical instability in an ADI algorithm for
                  gyrokinetics}}},
  journal =	 cpc,
  volume =	 172,
  pages =	 119,
  year =	 2005
}

@Article{	  belli:2008,
  author =	 {E.A. Belli and J. Candy},
  title =	 {Kinetic Calculation of Neoclassical Transport
                  Including Self-Consistent Electron and Impurity
                  Dynamics},
  journal =	 ppcf,
  volume =	 50,
  pages =	 095010,
  year =	 2008
}

@Article{	  belli:2008b,
  author =	 {E.A. Belli and G.W. Hammett and W. Dorland},
  title =	 {Effects of plasma shaping on nonlinear gyrokinetic
                  turbulence},
  journal =	 pop,
  volume =	 15,
  pages =	 092303,
  year =	 2008
}

@Article{	  belli:2009,
  author =	 {E.A. Belli and J. Candy},
  title =	 {{{An Eulerian method for the solution of the
                  multi-species drift-kinetic equation}}},
  journal =	 ppcf,
  volume =	 51,
  pages =	 075018,
  year =	 2009
}

@Article{	  belli:2010,
  author =	 {E.A. Belli and J. Candy},
  title =	 {Fully electromagnetic gyrokinetic eigenmode analysis
                  of high-beta shaped plasmas},
  journal =	 pop,
  volume =	 17,
  pages =	 112314,
  year =	 2010
}

@Article{	  belli:2012,
  author =	 {E.A. Belli and J. Candy},
  title =	 {{{Full linearized Fokker-Planck collisions in
                  neoclassical transport simulations}}},
  journal =	 ppcf,
  volume =	 54,
  pages =	 015015,
  year =	 2012
}

@Article{	  belli:2014,
  author =	 {E.A. Belli and J. Candy},
  title =	 {{{Limitations of bootstrap current models}}},
  journal =	 ppcf,
  volume =	 56,
  pages =	 045006,
  year =	 2014
}

@Article{         belli:2014b,
  author =	 {E.A. Belli and J. Candy},
  title =	 {{{Pfirsch-Schl\"uter Neoclassical Impurity Transport
                  in a Rotating Plasma}}},
  journal =	 ppcf,
  volume =	 56,
  pages =	 124005,
  year =	 2014
}

@Article{         belli:2015,
  author =	 {E.A. Belli and J. Candy},
  title =	 {{{Neoclassical transport in toroidal plasmas with
                  nonaxisymmetric flux surfaces}}},
  journal =	 ppcf,
  volume =	 57,
  pages =	 054012,
  year =	 2015
}

@Article{         belli:2017,
  author =	 {E.A. Belli and J. Candy},
  title =	 {Implications of advanced collision operators for gyrokinetic simulation},
  journal =	 ppcf,
  volume =	 59,
  pages =	 045005,
  year =	 2017
}

@Article{         belli:2018,
  author =	 {E.A. Belli and J. Candy},
  title =	 {Impact of centrifugal drifts on ion turbulent transport},
  journal =	 pop,
  volume =	 25,
  pages =	 032301,
  year =	 2018
}

@Article{	  candy:1997,
  author =	 {J. Candy and D. Borba and H.L. Berk and
                  G.T.A. Huysmans and W. Kerner},
  title =	 {Nonlinear interaction of fast particles with
                  {{Alfv\en}} waves in toroidal plasmas},
  journal =	 pop,
  volume =	 4,
  pages =	 2597,
  year =	 1997
}

@Article{	  candy:2003,
  author =	 {J. Candy and R.E. Waltz},
  title =	 {{{An Eulerian gyrokinetic-Maxwell solver}}},
  journal =	 jcp,
  volume =	 186,
  pages =	 545,
  year =	 2003
}

@Article{	  candy:2003b,
  author =	 {J. Candy and R.E. Waltz},
  title =	 {Anomalous Transport in the {{DIII-D}} Tokamak
                  Matched by Supercomputer Simulation},
  journal =	 prl,
  volume =	 91,
  pages =	 {045001-1},
  year =	 2003
}

@Article{	  candy:2004a,
  author =	 {J. Candy and R.E. Waltz and W. Dorland},
  title =	 {The local limit of global gyrokinetic simulations},
  journal =	 pop,
  volume =	 11,
  pages =	 {L25},
  year =	 2004
}

@Article{	  candy:2004b,
  author =	 {J. Candy and R.E. Waltz and M.N. Rosenbluth},
  title =	 {Smooothness of turbulent transport across a
                  {{minimum-$q$}} surface},
  journal =	 pop,
  volume =	 11,
  pages =	 1879,
  year =	 2004
}

@Article{	  candy:2005,
  author =	 {J. Candy},
  title =	 {Beta scaling of transport in microturbulence
                  simulations},
  journal =	 pop,
  volume =	 12,
  pages =	 072307,
  year =	 2005
}

@Article{	  candy:2006,
  author =	 {J. Candy and R.E. Waltz},
  title =	 {Velocity-space resolution, entropy production and
                  upwind dissipation in {{Eulerian}} gyrokinetic
                  simulations},
  journal =	 pop,
  volume =	 13,
  pages =	 032310,
  year =	 2006
}

@Article{	  candy:2006b,
  author =	 {J. Candy and R.E. Waltz and S.E. Parker and Y. Chen},
  title =	 {Relevance of the parallel nonlinearity in
                  gyrokinetic simulations of tokamak plasmas},
  journal =	 pop,
  volume =	 13,
  pages =	 074501,
  year =	 2006
}

@TechReport{	  candy:2006c,
  author =	 {J. Candy and R.E. Waltz},
  title =	 {Coupled {{ITG/TEM-ETG}} gyrokinetic simulations},
  institution =	 {General Atomics Report GA-A25566},
  year =	 2006,
  month =	 {August}
}

@Article{	  candy:2007,
  author =	 {J. Candy and R.E. Waltz and M.R. Fahey and
                  C. Holland},
  title =	 {The effect of ion-scale dynamics on
                  electron-temperature-gradient turbulence},
  journal =	 ppcf,
  volume =	 49,
  pages =	 1209,
  year =	 2007
}

@Article{	  candy:2009,
  author =	 {J. Candy and C. Holland and R.E. Waltz and
                  M.R. Fahey and E. Belli},
  title =	 {Tokamak profile prediction using direct gyrokinetic
                  and neoclassical simulation},
  journal =	 pop,
  volume =	 16,
  pages =	 060704,
  year =	 2009
}

@Article{	  candy:2009b,
  author =	 {J. Candy},
  title =	 {A unified method for operator evaluation in local
                  {{Grad-Shafranov}} plasma equilibria},
  journal =	 ppcf,
  volume =	 51,
  pages =	 105009,
  year =	 2009
}

@Article{	  candy:2010,
  author =	 {J. Candy and E. Belli},
  title =	 {{{GYRO Technical Guide}}},
  journal =	 {General Atomics Technical Report},
  volume =	 {GA-A26818},
  year =	 2010
}

@Article{	  candy:2011,
  author =	 {J. Candy and E.A. Belli},
  title =	 {Neoclassical Transport Including Collisional
                  Nonlinearity},
  journal =	 prl,
  volume =	 106,
  pages =	 235003,
  year =	 2011
}

@Article{        candy:2013,
  author =	 {J. Candy},
  title =	 {Turbulent energy exchange: Calculation and relevance
                  for profile prediction},
  journal =	 POP,
  volume =	 20,
  pages =	 082503,
  year =	 2013
}

@Article{	  candy:2015,
  author =	 {J. Candy and E.A. Belli},
  title =	 {{{Nonaxisymmetric local magnetostatic equilibrium}}},
  journal =	 jpp,
  volume =	 81,
  pages =	 905810323,
  year =	 2015
}

@Article{	  candy:2016,
  author =	 {J. Candy and E.A. Belli and R.V. Bravenec},
  title =	 {{{A high-accuracy Eulerian gyrokinetic solver for
                  collisional plasmas}}},
  journal =	 jcp,
  volume =	 324,
  pages =	 73,
  year =	 2016
}

@Article{	  candy:2018,
  author =	 {J. Candy and E.A. Belli},
  title =	 {{{Spectral treatment of gyrokinetic shear flow}}},
  journal =	 jcp,
  volume =       356,
  pages =	 448,
  year =	 2018
}

@Article{	  hinton:1985,
  author =	 {F.L. Hinton and S.K. Wong},
  title =	 {Neoclassical ion transport in rotating axisymmetric
                  plasmas},
  journal =	 pf,
  volume =	 28,
  pages =	 3082,
  year =	 1985
}

@Article{	  holland:2008,
  author =	 {C. Holland and J. Candy and R.E Waltz and A.E. White
                  and G.R. McKee and M.W. Shafer and L. Schmitz and
                  G.R Tynan},
  title =	 {Validating simulations of core tokamak turbulence:
                  current status and future directions},
  journal =	 jpcon,
  volume =	 125,
  pages =	 012043,
  year =	 2008
}

@Article{	  holland:2004,
  author =	 {C. Holland and P.H. Diamond},
  title =	 {A simple model of interactions between electron
                  temperature gradient and drift-wave turbulence},
  journal =	 pop,
  volume =	 11,
  pages =	 1043,
  year =	 2004
}

@Article{	  holland:2009,
  author =	 {C. Holland and A.E. White and G.R. McKee and
                  M.W. Shafer and J. Candy and R.E Waltz and
                  L. Schmitz and G.R Tynan},
  title =	 {Implementation and application of two synthetic
                  diagnostics for validating simulations of core
                  tokamak turbulence},
  journal =	 pop,
  volume =	 16,
  pages =	 052301,
  year =	 2009
}

@Article{	  holland:2011,
  author =	 {C. Holland and L. Schmitz and T.L. Rhodes and
                  W.A. Peebles and J.C. Hillesheim and G. Wang and
                  L. Zeng and E.J. Doyle and S.P. Smith and R. Prater
                  and K.H. Burrell and J. Candy and R.E. Waltz and
                  J.E. Kinsey and G.M. Staebler and J.C.  DeBoo and
                  C.C. Petty and G.R. McKee and Z. Yan and A.E.
                  White},
  title =	 {Advances in validating gyrokinetic turbulence
                  simulations against {{L- and H-mode}} plasmas},
  journal =	 pop,
  volume =	 18,
  pages =	 056113,
  year =	 2011
}

@Article{	  holland:2012,
  author =	 {C. Holland and C.C. Petty and L. Schmitz and
                  K.H. Burrell and G.R. McKee and T.L. Rhodes and
                  J. Candy},
  title =	 {Progress in {{GYRO validation studies of DIII-D
                  H-mode}} plasmas},
  journal =	 nf,
  volume =	 52,
  pages =	 114007,
  year =	 2012
}

@Article{	  holland:2016,
  author =	 {C. Holland},
  title =	 {Validation metrics for turbulent plasma transport},
  journal =	 pop,
  volume =	 23,
  pages =	 060901,
  year =	 2016
}

@Article{	  holland:2017,
  author =	 {C. Holland and N.T. Howard and B.A. Grierson},
  title =	 {Gyrokinetic predictions of multiscale transport in a {{DIII-D ITER}} baseline discharge},
  journal =	 nf,
  volume =	 57,
  pages =	 066043,
  year =	 2017
}

@Article{	  horton:1999,
  author =	 {W. Horton},
  title =	 {Drift waves and transport},
  journal =	 rmp,
  volume =	 71,
  pages =	 735,
  year =	 1999
}

@Article{	  horton:2005,
  author =	 {W. Horton and H.V. Wong and P.J. Morrison and
                  A. Wurm and J.H. Kim and J.C. Perez and J. Prat and
                  G.T. Hoang and B.P.  LeBlanc and R. Bell},
  title =	 {Temperature gradient driven electron transport in
                  {{NSTX}} and {{Tore Supra}}},
  journal =	 nf,
  volume =	 45,
  pages =	 976,
  year =	 2005
}

@Article{	  houlberg:1997,
  author =	 {W.A. Houlberg and K.C. Shaing and S.P. Hirshman and
                  M.C.  Zarnstorff},
  journal =	 pop,
  volume =	 4,
  pages =	 3230,
  year =	 1997
}

@Article{	  houtte2004,
  title =	 {{Recent fully non-inductive operation results in
                  Tore Supra with 6 min, 1 GJ plasma discharges}},
  author =	 {D. van Houtte and G. Martin and A. Bécoulet and J.
                  Bucalossi and G. Giruzzi and G.T. Hoang and
                  Th. Loarer and B. Saoutic and the Tore Supra Team},
  journal =	 {Nuclear Fusion},
  year =	 2004,
  number =	 5,
  pages =	 {L11},
  volume =	 44,
  url =		 {http://stacks.iop.org/0029-5515/44/i=5/a=L01}
}

@Manual{	  howard2007,
  title =	 {{Matlab ODE}},
  author =	 {P. Howard},
  year =	 2007
}

@Article{	  howard:2012,
  author =	 {N.T. Howard and M. Greenwald and D.R. Mikkelsen and
                  M.L.  Reinke and A.E. White and D. Ernst and
                  Y. Podpaly and J.  Candy},
  title =	 {Quantitative comparison of experimental impurity
                  transport with nonlinear gyrokinetic simulation in
                  an {{Alcator C-Mod L-mode}} plasma},
  journal =	 nf,
  volume =	 52,
  pages =	 063002,
  year =	 2012
}

@Article{	  howard:2013,
  author =	 {N.T. Howard and A.E. White and M. Greenwald and M.L. Reinke
                  and J. Walk and C. Holland and J. Candy and T. G\"orler},
  title =	 {Investigation of the transport shortfall in Alcator
                  C-Mod L-mode plasmas},
  journal =	 pop,
  volume =	 20,
  pages =	 032510,
  year =	 2013
}

@Article{	  howard:2014a,
  author =	 {N.T. Howard and A.E. White and M. Greenwald and
                  C. Holland and J. Candy and J. E. Rice},
  title =	 {Impurity transport, turbulence transitions, and
                  intrinsic rotation in Alcator {{C-Mod}} plasmas},
  journal =	 ppcf,
  volume =	 56,
  pages =	 124004,
  year =	 2014
}

@Article{	  howard:2014b,
  author =	 {N.T. Howard and C. Holland and A.E. White and
                  M. Greenwald and J. Candy},
  title =	 {Synergistic Cross-Scale Coupling of Turbulence in a
                  Tokamak Plasma},
  journal =	 pop,
  volume =	 21,
  pages =	 112510,
  year =	 2014
}

@Article{	  howard:2016,
  author =	 {N.T. Howard and C. Holland and A.E. White and
                  M. Greenwald and J. Candy and A.J. Creely},
  title =	 {Multi-scale gyrokinetic simulations: Comparison 
                  with experiment and implications for predicting 
                 turbulence and transport},
  journal =	 pop,
  volume =	 23,
  pages =	 056109,
  year =	 2016
}

@Article{	  howard:2016b,
  author	= {N.T. Howard and C. Holland and A.E. White and M. Greenwald
		  and J. Candy},
  title		= {Multi-scale gyrokinetic simulation of tokamak plasmas:
		  enhanced heat loss due to cross-scale coupling of plasma
		  turbulence},
  journal	= nf,
  volume	= 56,
  number	= 1,
  pages		= 014004,
  year		= 2016,
  url		= {http://stacks.iop.org/0029-5515/56/i=1/a=014004}
}

@Article{	  howard:2017,
  author =	 {N.T. Howard and C. Holland and A.E. White and M. Greenwald
                  and P. Rodriguez-Fernandez and J. Candy and A.J. Creely},
  title =	 {{{Multi-scale gyrokinetic simulations of an Alcator
                  C-Mod, ELM-y H-mode plasma}}},
  journal =	 ppcf,
  volume =	 60,
  pages =	 014034,
  year =	 2017
}

@Article{	  kinsey:2003,
  author =	 {J.E. Kinsey and G. Bateman and T. Onjun and
                  A.H. Kritz and A. Pankin and G.M. Staebler and
                  R.E. Waltz},
  title =	 {Burning plasma projections using drift-wave
                  transport models and scalings for the H-mode
                  pedestal},
  journal =	 nf,
  volume =	 43,
  pages =	 1845,
  year =	 2003
}

@Article{	  kinsey:2005,
  author =	 {J.E. Kinsey and R.E. Waltz and J. Candy},
  title =	 {Nonlinear gyrokinetic turbulence simulations of
                  {{E$\times$B}} shear quenching of transport},
  journal =	 pop,
  volume =	 12,
  pages =	 062302,
  year =	 2005
}

@Article{	  kinsey:2006,
  author =	 {J.E. Kinsey and R.E. Waltz and J. Candy},
  title =	 {The effect of safety factor and magnetic shear on
                  turbulent transport in nonlinear gyrokinetic
                  simulations},
  journal =	 pop,
  volume =	 13,
  pages =	 022305,
  year =	 2006
}

@Article{	  kinsey:2007,
  author =	 {J.E. Kinsey and R.E. Waltz and J. Candy},
  title =	 {The effect of plasma shaping on turbulent transport
                  and {{E$\times$B}} shear quenching in nonlinear
                  gyrokinetic simulations},
  journal =	 pop,
  volume =	 14,
  pages =	 102306,
  year =	 2007
}

@Article{	  kinsey:2008,
  author =	 {J.E. Kinsey and G.M. Staebler and R.E. Waltz},
  title =	 {The first transport code simulations using the
                  trapped gyro-Landau-fluid model},
  journal =	 pop,
  volume =	 15,
  pages =	 055908,
  year =	 2008
}

@Article{	  kinsey:2011,
  author =	 {J.E. Kinsey and G.M. Staebler and J. Candy and
                  R.E. Waltz and R.V. Budny},
  title =	 {{{ITER}} predictions using the {{GYRO}} verified and
                  experimentally validated trapped gyro-Landau fluid
                  transport model},
  journal =	 nf,
  volume =	 51,
  pages =	 083001,
  year =	 2011
}

@Article{	  staebler:2005,
  author =	 {G.M. Staebler and J.E. Kinsey and R.E. Waltz},
  title =	 {{{Gyro-Landau}} fluid equations for trapped and
                  passing particles},
  journal =	 pop,
  volume =	 12,
  pages =	 102508,
  year =	 2005
}

@Article{	  staebler:2007,
  author =	 {G.M. Staebler and J.E. Kinsey and R.E. Waltz},
  title =	 {A theory-based transport model with comprehensive
                  physics},
  journal =	 pop,
  volume =	 14,
  pages =	 055909,
  year =	 2007
}

@Article{	  staebler:2008,
  author =	 {G.M. Staebler and G. Colyer and S. Kaye and
                  J.E. Kinsey and R.E. Waltz},
  title =	 {Testing the {{Trapped Gyro-Landau Fluid}} transport
                  model with data from tokamaks and spherical tori},
  journal =	 {Proceedings of the 22nd IAEA Fusion Energy
                  Conference, Geneva, Switerland, 2008},
  pages =	 {TH/P8-42},
  year =	 2008
}

@Article{	  staebler:2010,
  author =	 {G.M. Staebler and J.E. Kinsey},
  title =	 {Electron collisions in the trapped gyro-Landau fluid
                  transport model},
  journal =	 pop,
  volume =	 17,
  pages =	 122309,
  year =	 2010
}

@Article{	  staebler:2011,
  author =	 {G.M. Staebler and R.E. Waltz and J.E. Kinsey},
  title =	 {Discoveries from the exploration of gyrokinetic
                  momentum transport},
  journal =	 pop,
  volume =	 18,
  pages =	 056106,
  year =	 2011
}

@Article{	  staebler:2013,
  author =	 {G.M. Staebler and R.E. Waltz and J. Candy and J.E.
                  Kinsey},
  title =	 {A new paradigm for suppression of gyrokinetic
                  turbulence by velocity shear},
  journal =	 prl,
  volume =	 110,
  pages =	 055003,
  year =	 2013
}

@Article{	  sugama:1996,
  author =	 {H. Sugama {\it et al.}},
  journal =	 pop,
  volume =	 3,
  pages =	 2379,
  year =	 1996
}

@Article{	  sugama:1997,
  author =	 {H. Sugama and W. Horton},
  title =	 {Neoclassical electron and ion transport in
                  toroidally rotating plasmas},
  journal =	 pop,
  volume =	 4,
  pages =	 2215,
  year =	 1997
}

@Article{	  sugama:1997b,
  author =	 {H. Sugama and W. Horton},
  title =	 {Transport processes and entropy production in
                  toroidally rotating plasmas with electrostatic
                  turbulence},
  journal =	 pop,
  volume =	 4,
  pages =	 405,
  year =	 1997
}

@Article{	  sugama:1998,
  author =	 {H. Sugama and W. Horton},
  title =	 {Nonlinear electromagnetic gyrokinetic equation for
                  plasmas with large mean flows},
  journal =	 pop,
  volume =	 5,
  pages =	 2560,
  year =	 1998
}

@Article{	  sugama:1999,
  author =	 {H. Sugama},
  title =	 {Damping of toroidal ion temperature gradient modes},
  journal =	 pop,
  volume =	 6,
  pages =	 3527,
  year =	 1999
}

@Article{	  sugama:2002,
  author =	 {H. Sugama and S. Nishimura},
  title =	 {How to calculate the neoclassical viscosity,
                  diffusion, and current coefficients in general
                  toroidal plasmas},
  journal =	 pop,
  volume =	 9,
  pages =	 4637,
  year =	 2002
}

@Article{	  sugama:2009,
  author =	 {H. Sugama and T.-H. Watanabe and M. Nunami},
  title =	 {Linearized model collision operators for multiple
                  ion species plasmas and gyrokinetic entropy balance
                  equations},
  journal =	 pop,
  volume =	 16,
  pages =	 112503,
  year =	 2009
}

@Article{	  sugama:2011,
  author =	 {H. Sugama and T.-H. Watanabe and M. Nunami and S.
                  Nishimura},
  title =	 {Momentum balance and radial electric fields in
                  axisymmetric and nonaxisymmetric toroidal plasmas},
  journal =	 ppcf,
  volume =	 53,
  pages =	 024004,
  year =	 2011
}

@Article{	  waltz:1980,
  author =	 {R.E. Waltz and W. Pfeiffer and R.R. Dominguez},
  title =	 {Electrostatic drift waves in tokamaks: a numerical
                  study of instability and transport},
  journal =	 nf,
  volume =	 20,
  pages =	 43,
  year =	 1980
}

@Article{	  waltz:1989,
  author =	 {R.E. Waltz and R.R. Dominguez},
  title =	 {Note on detailed models for trapped electron
                  transport in tokamaks},
  journal =	 pfb,
  volume =	 1,
  pages =	 1935,
  year =	 1989
}

@Article{	  waltz:1990,
  title =	 {{Magnetic-field scaling of dimensionally similar
                  tokamak discharges}},
  author =	 {Waltz, R. E. and DeBoo, J. C. and Rosenbluth, M. N.},
  journal =	 {Phys. Rev. Lett.},
  year =	 1990,
  month =	 {Nov},
  pages =	 {2390--2393},
  volume =	 65,
  doi =		 {10.1103/PhysRevLett.65.2390},
  issue =	 19,
  publisher =	 {American Physical Society},
  url =		 {http://link.aps.org/doi/10.1103/PhysRevLett.65.2390}
}

@Article{	  waltz:1992,
  author =	 {R.E. Waltz and R.R. Dominguez and G.W. Hammett},
  title =	 {Gyro-Landau fluid models for toroidal geometry},
  journal =	 pfb,
  volume =	 4,
  pages =	 3138,
  year =	 1992
}

@Article{	  waltz:1992b,
  title =	 {{Modelling of almost dimensionally similar
                  discharges}},
  author =	 {R.E. Waltz and J.C. DeBoo and T.H. Osborne},
  journal =	 {Nuclear Fusion},
  year =	 1992,
  number =	 6,
  pages =	 1051,
  volume =	 32,
}

@Article{	  waltz:1994,
  author =	 {R.E. Waltz and G.R. Kerbel and J. Milovich},
  title =	 {Toroidal gyro-Landau fluid model turbulence
                  simulations in a nonlinear ballooning mode
                  representation with radial modes},
  journal =	 pop,
  volume =	 1,
  pages =	 2229,
  year =	 1994
}

@Article{	  waltz:1995,
  author =	 {R.E. Waltz and G.R. Kerbel and J. Milovich and G.W.
                  Hammett},
  title =	 {Advances in the simulation of toroidal gyro-Landau
                  fluid model turbulence},
  journal =	 pop,
  volume =	 2,
  pages =	 2408,
  year =	 1995
}

@Article{	  waltz:1997,
  author =	 {R.E. Waltz and G.M. Staebler and W. Dorland and G.W.
                  Hammett and M. Kotschenreuther and J.A. Konings},
  title =	 {A gyro-Landau fluid transport model},
  journal =	 pop,
  volume =	 4,
  pages =	 2482,
  year =	 1997
}

@Article{	  waltz:1998,
  author =	 {R.E. Waltz and R.L. Dewar and X. Garbet},
  title =	 {Theory and simulation of rotational shear
                  stabilization of turbulence},
  journal =	 pop,
  volume =	 5,
  pages =	 1784,
  year =	 1998
}

@Article{	  waltz:1999,
  author =	 {R.E. Waltz and R.L. Miller},
  title =	 {Ion temperature gradient turbulence simulations and
                  plasma flux surface shape},
  journal =	 pop,
  volume =	 6,
  pages =	 4265,
  year =	 1999
}

@Article{	  waltz:2002,
  author =	 {R.E. Waltz and J. Candy and M.N. Rosenbluth},
  title =	 {Gyrokinetic turbulence simulation of profile shear
                  stabilization and broken gyroBohm scaling},
  journal =	 pop,
  volume =	 9,
  pages =	 1938,
  year =	 2002
}

@Article{	  waltz:2005,
  author =	 {R.E. Waltz and J. Candy and F.L. Hinton and C.
                  Estrada-Mila and J.E. Kinsey},
  title =	 {Advances in comprehensive simulations of transport
                  in tokamaks},
  journal =	 nf,
  volume =	 45,
  pages =	 741,
  year =	 2005
}

@Article{	  waltz:2005b,
  author =	 {R.E. Waltz and J. Candy},
  title =	 {Heuristic theory of nonlocally broken gyroBohm
                  scaling},
  journal =	 pop,
  volume =	 12,
  pages =	 072303,
  year =	 2005
}

@Article{	  waltz:2005c,
  author =	 {R.E. Waltz},
  title =	 {Rho-star scaling and physically realistic
                  gyrokinetic simulations of transport in {{DIII-D}}},
  journal =	 fst,
  volume =	 48,
  pages =	 1051,
  year =	 2005
}

@Article{	  waltz:2006,
  author =	 {R.E. Waltz and J. Candy and C.C. Petty},
  title =	 {Projected profile similarity in gyrokinetic
                  simulations of {{Bohm and gyroBohm scaled DIII-D L
                  and H}} modes},
  journal =	 pop,
  volume =	 13,
  pages =	 072304,
  year =	 2006
}

@Article{	  waltz:2006a,
  author =	 {R.E. Waltz and M.E. Austin and K.H. Burrell and
                  J. Candy},
  title =	 {Gyrokinetic simulations of off-axis minimum-q
                  profile corrugations},
  journal =	 pop,
  volume =	 12,
  pages =	 052301,
  year =	 2006
}

@Article{	  waltz:2007,
  author =	 {R.E. Waltz and J. Candy and M. Fahey},
  title =	 {Coupled ion temperature gradient and trapped
                  electron mode to electron temperature gradient mode
                  gyrokinetic simulations},
  journal =	 pop,
  volume =	 14,
  pages =	 056116,
  year =	 2007
}

@Article{	  waltz:2007b,
  author =	 {R.E. Waltz and G.M. Staebler and J. Candy and F.L.
                  Hinton},
  title =	 {Gyrokinetic theory and simulation of angular
                  momentum transport},
  journal =	 pop,
  volume =	 14,
  pages =	 122507,
  year =	 2007
}

@Article{	  waltz:2008,
  author =	 {R.E. Waltz and G.M. Staebler},
  title =	 {Gyrokinetic theory and simulation of turbulent
                  energy exchange},
  journal =	 pop,
  volume =	 15,
  pages =	 014505,
  year =	 2008
}

@Article{	  waltz:2010,
  author =	 {R.E. Waltz},
  title =	 {Nonlinear subcritical magnetohydrodynamic beta
                  limit},
  journal =	 pop,
  volume =	 17,
  pages =	 072501,
  year =	 2010
}

@Article{	  waltz:2011,
  author =	 {R.E. Waltz and G.M. Staebler and W.M. Solomon},
  title =	 {Gyrokinetic simulation of momentum transport with
                  residual stress from diamagnetic level velocity
                  shears},
  journal =	 pop,
  volume =	 18,
  pages =	 042504,
  year =	 2011
}

@Article{	  waltz:2012,
  author =	 {R.E. Waltz},
  title =	 {{Search for the Missing L-mode Edge Transport and
                  Possible Breakdown of Gyrokinetics}},
  journal =	 {Bulletin of the American Physical Society},
  year =	 2012,
  volume =	 57,
  publisher =	 {APS}
}